@book{name7,
author ="Karl·Marx、Friedrich·Engels",
year="1980",
title="Manifesto of the Communist Party",
publisher ="People's Publishing House"
}